@article{overview,
       author={Jingdong Chen and Jacob Benesty and Yiteng (Arden) Huang},
       title={Time Delay Estimation in Room Acoustic Environments: An Overview},
       journal={EURASIP Journal on Applied Signal Processing},
       volume={2006},
       year = 2006,
       pages = {1â€“19},
       publisher = {Hindawi Publishing Corporation}
       %address = {Berlin}
     }
@article{collisions,
       author={David W. Laist and Amy R. Knowlton and James G. Mead and Anne S. Collet and Michela Podesta},
       title={Collisions between ships and whales},
       journal={Marine mammal Science},
       volume={17(1)},
       year = 2001,
       pages = {35-75},
       publisher = {Society of Marine Mammalogy}
     }
@article{youtube-collisions,
       title={Cruise Ship in Whale Collision},
       journal={TV news},
       year = 2009,
       publisher = {New Tang Dynasty Television},
       url = {https://www.youtube.com/watch?v=JuxGpcvZYp0},
       urldate = {\today}
     }
@article{web-collisions,
       author={B.C. Cetacean Sightings Network},
       title={Collisions Between Vessels and Whales},
       journal={TV news},
       publisher = {Vancouver Aquarium},
       url = {http://wildwhales.org/conservation/threats/collisions-between-vessels-and-whales/},
       urldate = {\today}
     }
@article{gcc,
       author={Sumit Kumar and Dr. Rajat Gupta},
       title={Estimating Time Delay using GCC for Speech Source Localisation},
       journal={International Journal of Application or Innovation in Engineering \& Management (IJAIEM)},
       volume={2},
       year = 2013,
       publisher = {Maharishi Markandeshwar University, Mullana (Ambala), INDIA},
       url = {http://www.ijaiem.org/Volume2Issue5/IJAIEM-2013-05-06-010.pdf},
       urldate = {\today}
     }
@article{aed,
       author={Jacob Benesty},
       title={Adaptive eigenvalue decomposition algorithm for passive acoustic source localization},
       address={Bell Laboratories, Lucent Technologies, 700 Mountain Avenue, Murray Hill, New Jersey 07974-0636},
       volume={107},
       year = 2000,
       publisher = {Acoustical Society of America}
     }
@article{lms1,
       author={D.H. Youn and Nasir Ahmed and G. Clifford Carter},
       title={On using the LMS algorithm for Time Delay Estimation},
       journal={Transactions on acoustics, speech and signal processing},
       volume={ASSP-30 no.5},
       year = 1982,
       publisher = {IEEE}
     }
@article{lms2,
       author={Francis A. Reed and Paul L. Feintuch and Neil J. Bershad}
       title={Tide Delay Estimation using the LMS adaptive filter - Static behaviour},
       journal={Transactions on acoustics, speech and signal processing},
       volume={ASSP-29 no.3},
       year = 1981,
       publisher = {IEEE}
     }
@article{speech,
       author={Philipos C. Loizou},
       title={Speech Enhancement},
       edition={2},
       year = 2013,
       publisher = {CRC Press}
     }
@article{speed-sound-seawater,
       title={Speed of Sound in Sea-Water},
       publisher = {National Physical Laboratory},
       url = {http://resource.npl.co.uk/acoustics/techguides/soundseawater/},
       urldate = {\today}
     }
@article{delayxcorr.m,
       title={delay\_xcorr.m},
       url = {https://bitbucket.org/javiribera/dsap/src/afc06cc7b60206d44908d91e39e9c9505fdffce1/delay\_xcorr.m?at=master},
       urldate = {\today}
     }
@article{gcc.m,
       title={gcc.m},
       url = {https://bitbucket.org/javiribera/dsap/src/afc06cc7b60206d44908d91e39e9c9505fdffce1/gcc.m?at=master},
       urldate = {\today}
     }
@article{delaygcc.m,
       title={delay\_gcc.m},
       url = {https://bitbucket.org/javiribera/dsap/src/afc06cc7b60206d44908d91e39e9c9505fdffce1/delay\_gcc.m?at=master},
       urldate = {\today}
     }
@article{delaylms.m,
       title={delay\_lms.m},
       url = {https://bitbucket.org/javiribera/dsap/src/afc06cc7b60206d44908d91e39e9c9505fdffce1/delay\_lms.m?at=master},
       urldate = {\today}
     }
@article{spectralsubstraction.m,
       title={spectralsubstraction.m},
       url = {https://bitbucket.org/javiribera/dsap/src/afc06cc7b60206d44908d91e39e9c9505fdffce1/preconditioning/spectralsubstraction.m?at=master},
       urldate = {\today}
     }
@article{percentile.m,
       title={percentile.m},
       url = {https://bitbucket.org/javiribera/dsap/src/afc06cc7b60206d44908d91e39e9c9505fdffce1/preconditioning/percentile.m?at=master},
       urldate = {\today}
     }
@article{timegain.m,
       title={time\_gain.m},
       url = {https://bitbucket.org/javiribera/dsap/src/afc06cc7b60206d44908d91e39e9c9505fdffce1/preconditioning/time\_gain.m?at=master},
       urldate = {\today}
     }
@article{gui.m,
       title={gui.m},
       url = {https://bitbucket.org/javiribera/dsap/src/afc06cc7b60206d44908d91e39e9c9505fdffce1/GUI/interactive\_TDE\_real\_data.m?at=master},
       urldate = {\today}
     }
@article{inittestsignals.m,
       title={init\_test\_signals.m},
       url = {https://bitbucket.org/javiribera/dsap/src/afc06cc7b60206d44908d91e39e9c9505fdffce1/test\_signals/init\_test\_signals.m?at=master},
       urldate = {\today}
     }
@article{maxdelay.m,
       title={ sensors\_delay\_max.m},
       url = {https://bitbucket.org/javiribera/dsap/src/38a6e0a96cdf758c1ce41bb4d421717e4eb1b2d3/utils/sensors\_delay_max.m?at=master},
       urldate = {\today}
     }
