@article{overview,
       author={Jingdong Chen and Jacob Benesty and Yiteng (Arden) Huang},
       title={Time Delay Estimation in Room Acoustic Environments: An Overview},
       journal={EURASIP Journal on Applied Signal Processing},
       volume={2006},
       year = 2006,
       pages = {1â€“19},
       publisher = {Hindawi Publishing Corporation}
       %address = {Berlin}
     }
@article{collisions,
       author={David W. Laist and Amy R. Knowlton and James G. Mead and Anne S. Collet and Michela Podesta},
       title={Collisions between ships and whales},
       journal={Marine mammal Science},
       volume={17(1)},
       year = 2001,
       pages = {35-75},
       publisher = {Society of Marine Mammalogy}
     }
@article{youtube-collisions,
       title={Cruise Ship in Whale Collision},
       journal={TV news},
       year = 2009,
       publisher = {New Tang Dynasty Television},
       url = {https://www.youtube.com/watch?v=JuxGpcvZYp0},
       urldate = {\today}
     }
@article{web-collisions,
       author={B.C. Cetacean Sightings Network},
       title={Collisions Between Vessels and Whales},
       journal={TV news},
       publisher = {Vancouver Aquarium},
       url = {http://wildwhales.org/conservation/threats/collisions-between-vessels-and-whales/},
       urldate = {\today}
     }
@article{gcc,
       author={Sumit Kumar and Dr. Rajat Gupta},
       title={Estimating Time Delay using GCC for Speech Source Localisation},
       journal={International Journal of Application or Innovation in Engineering \& Management (IJAIEM)},
       volume={2},
       year = 2013,
       publisher = {Maharishi Markandeshwar University, Mullana (Ambala), INDIA},
       url = {http://www.ijaiem.org/Volume2Issue5/IJAIEM-2013-05-06-010.pdf},
       urldate = {\today}
     }
@article{aed,
       author={Jacob Benesty},
       title={Adaptive eigenvalue decomposition algorithm for passive acoustic source localization},
       address={Bell Laboratories, Lucent Technologies, 700 Mountain Avenue, Murray Hill, New Jersey 07974-0636},
       volume={107},
       year = 2000,
       publisher = {Acoustical Society of America}
     }
@article{lms1,
       author={D.H. Youn and Nasir Ahmed and G. Clifford Carter},
       title={On using the LMS algorithm for Time Delay Estimation},
       journal={Transactions on acoustics, speech and signal processing},
       volume={ASSP-30 no.5},
       year = 1982,
       publisher = {IEEE}
     }
@article{lms2,
       author={Francis A. Reed and Paul L. Feintuch and Neil J. Bershad}
       title={Tide Delay Estimation using the LMS adaptive filter - Static behaviour},
       journal={Transactions on acoustics, speech and signal processing},
       volume={ASSP-29 no.3},
       year = 1981,
       publisher = {IEEE}
     }
@article{speech,
       author={Philipos C. Loizou},
       title={Speech Enhancement},
       edition={2},
       year = 2013,
       publisher = {CRC Press}
     }
@article{speed-sound-seawater,
       title={Speed of Sound in Sea-Water},
       publisher = {National Physical Laboratory},
       url = {http://resource.npl.co.uk/acoustics/techguides/soundseawater/},
       urldate = {\today}
     }
@article{delayxcorr.m,
       title={delay\_xcorr.m},
       url = {https://bitbucket.org/javiribera/tde-and-whale-localization/src/c6c367b546486840b8e5f66d51159c7a2b2b81ba/algorithms\_TDE/delay_xcorr.m?at=master},
       urldate = {\today}
     }
@article{gcc.m,
       title={gcc.m},
       url = {https://bitbucket.org/javiribera/tde-and-whale-localization/src/c6c367b546486840b8e5f66d51159c7a2b2b81ba/algorithms\_TDE/gcc.m?at=master},
       urldate = {\today}
     }
@article{delaygcc.m,
       title={delay\_gcc.m},
       url = {https://bitbucket.org/javiribera/tde-and-whale-localization/src/c6c367b546486840b8e5f66d51159c7a2b2b81ba/algorithms\_TDE/delay\_gcc.m?at=master},
       urldate = {\today}
     }
@article{delaylms.m,
       title={delay\_lms.m},
       url = {https://bitbucket.org/javiribera/tde-and-whale-localization/src/c6c367b546486840b8e5f66d51159c7a2b2b81ba/algorithms\_TDE/delay\_lms.m?at=master},
       urldate = {\today}
     }
@article{spectralsubstraction.m,
       title={spectralsubstraction.m},
       url = {https://bitbucket.org/javiribera/tde-and-whale-localization/src/c6c367b546486840b8e5f66d51159c7a2b2b81ba/preconditioning/spectralsubstraction.m?at=master},
       urldate = {\today}
     }
@article{percentile.m,
       title={percentile.m},
       url = {https://bitbucket.org/javiribera/tde-and-whale-localization/src/c6c367b546486840b8e5f66d51159c7a2b2b81ba/preconditioning/percentile.m?at=master},
       urldate = {\today}
     }
@article{timegain.m,
       title={time\_gain.m},
       url = {https://bitbucket.org/javiribera/tde-and-whale-localization/src/c6c367b546486840b8e5f66d51159c7a2b2b81ba/preconditioning/time\_gain.m?at=master},
       urldate = {\today}
     }
@article{interactiveTDE.m,
       title={interactive\_TDE.m},
       url = {https://bitbucket.org/javiribera/tde-and-whale-localization/src/c6c367b546486840b8e5f66d51159c7a2b2b81ba/GUI/interactive\_TDE.m?at=master},
       urldate = {\today}
     }
@article{localization.m,
       title={localization.m},
       url = {https://bitbucket.org/javiribera/tde-and-whale-localization/src/c6c367b546486840b8e5f66d51159c7a2b2b81ba/GUI/localization.m?at=master},
       urldate = {\today}
     }
@article{inittestsignals.m,
       title={init\_test\_signals.m},
       url = {https://bitbucket.org/javiribera/tde-and-whale-localization/src/c6c367b546486840b8e5f66d51159c7a2b2b81ba/test\_signals/init\_test\_signals.m?at=master},
       urldate = {\today}
     }
@article{maxdelay.m,
       title={sensors\_delay\_max.m},
       url = {https://bitbucket.org/javiribera/tde-and-whale-localization/src/c6c367b546486840b8e5f66d51159c7a2b2b81ba/utils/sensors\_delay\_max.m?at=master},
       urldate = {\today}
     }
@article{buildfilter.m,
       title={build\_filter.m},
       url = {https://bitbucket.org/javiribera/tde-and-whale-localization/src/c6c367b546486840b8e5f66d51159c7a2b2b81ba/preconditioning/build\_filter.m?at=master},
       urldate = {\today}
     }
@article{filterpassband.m,
       title={filter\_passband.m},
       url = {https://bitbucket.org/javiribera/tde-and-whale-localization/src/c6c367b546486840b8e5f66d51159c7a2b2b81ba/preconditioning/filter\_passband.m?at=master},
       urldate = {\today}
     }
@article{teagerkaiser.m,
       title={teager\_kaiser.m},
       url = {https://bitbucket.org/javiribera/tde-and-whale-localization/src/c6c367b546486840b8e5f66d51159c7a2b2b81ba/preconditioning/teager\_kaiser.m?at=master},
       urldate = {\today}
     }
@article{mainGUI.m,
       title={main\_GUI.m},
       url = {https://bitbucket.org/javiribera/tde-and-whale-localization/src/c6c367b546486840b8e5f66d51159c7a2b2b81ba/GUI/main\_GUI.m?at=master},
       urldate = {\today}
     }
@article{cleansignal.m,
       title={clean\_signal.m},
       url = {https://bitbucket.org/javiribera/tde-and-whale-localization/src/c6c367b546486840b8e5f66d51159c7a2b2b81ba/clean\_signal.m?at=master},
       urldate = {\today}
     }
@article{sensorsposition.m,
       title={sensors\_position.m},
       url = {https://bitbucket.org/javiribera/tde-and-whale-localization/src/c6c367b546486840b8e5f66d51159c7a2b2b81ba/sensors\_position.m?at=master},
       urldate = {\today}
     }
@article{delaybetweensensors.m,
       title={delay\_between\_sensors.m},
       url = {https://bitbucket.org/javiribera/tde-and-whale-localization/src/c6c367b546486840b8e5f66d51159c7a2b2b81ba/utils/delay\_between\_sensors.m?at=master},
       urldate = {\today}
     }
@article{plot3Dsensors.m,
       title={plot3Dsensors.m},
       url = {https://bitbucket.org/javiribera/tde-and-whale-localization/src/c6c367b546486840b8e5f66d51159c7a2b2b81ba/utils/plot3Dsensors.m?at=master},
       urldate = {\today}
     }
